% BibTeX bibliography file for aux2bib

@Booklet{BalbiGuerry:1829,
  author = {Balbi, Adriano and Guerry, Andr{\'e}-Michel},
  title = {Statistique compar{\'e}e de l'{\'e}tat de l'instruction et du nombre
  des crimes dans les divers arrondissements des Acad{\'e}mies et des Cours
  Royales de {France}},
  year = {1829},
  howpublished = {Jules Renouard},
  address = {Paris},
  note = {\Loc{BL:Tab.597.b.(38); BNF: Ge C 9014 }}
}

@Article{BenigerRobyn:1978,
  author = {Beniger, J. R. and Robyn, D. L.},
  title = {Quantitative Graphics in Statistics: A Brief History},
  journal = {The American Statistician},
  year = {1978},
  volume = {32},
  pages = {1--11}
}

@Article{Codd:1971,
  author = {Codd, E. F},
  title = {Further Normalization of the Data Base Relational Model},
  journal = {IBM Research Report, San Jose, California},
  volume = {RJ909},
  year = {1971}
}

@Book{Farebrother:1999,
  author = {R. W. Farebrother},
  title = {Fitting Linear Relationships: A History of the Calculus of
  Observations 1750--1900},
  year = {1999},
  publisher = {Springer},
  address = {New York}
}

@Article{Friendly-etal:2010:langren,
  author = {Michael Friendly and Pedro Valero-Mora and Joaqu{\'\i}n
  Ib{\'a}{\~n}ez Ulargui},
  title = {The First (Known) Statistical Graph: {Michael Florent van Langren
  and the ``Secret'' of Longitude}},
  journal = {The American Statistician},
  year = {2010},
  month = {May},
  volume = {64},
  number = {2},
  pages = {185--191}
}

@Article{Friendly:02:Minard,
  author = {Michael Friendly},
  title = {Visions and {Re-Visions} of {Charles Joseph Minard}},
  journal = {Journal of Educational and Behavioral Statistics},
  year = {2002},
  volume = {27},
  number = {1},
  pages = {31--51}
}

@InCollection{Friendly:04:gfkl,
  author = {M. Friendly},
  title = {Milestones in the History of Data Visualization: A Case Study in
  Statistical Historiography},
  booktitle = {Classification: The Ubiquitous Challenge},
  editor = {C. Weihs and W. Gaul},
  year = {2005},
  pages = {34--52},
  publisher = {Springer},
  address = {New York}
}

@InCollection{Friendly:06:hbook,
  author = {M. Friendly},
  title = {A Brief History of Data Visualization},
  booktitle = {Handbook of Computational Statistics: Data Visualization},
  chapter = {1},
  editor = {C. Chen and Wolfgang H\"ardle and Antony Unwin},
  year = {2008},
  volume = {III},
  pages = {1--34},
  publisher = {Springer-Verlag},
  address = {Heidelberg}
}

@Article{Friendly:2007:guerry,
  author = {Friendly, Michael},
  title = {{A.-M. Guerry's Moral Statistics of France}: Challenges for
  Multivariable Spatial Analysis},
  journal = {Statistical Science},
  year = {2007},
  volume = {22},
  number = {3},
  pages = {368--399}
}

@Article{Friendly:2008:golden,
  author = {Michael Friendly},
  title = {The {Golden Age} of Statistical Graphics},
  journal = {Statistical Science},
  year = {2008},
  volume = {23},
  number = {4},
  pages = {502--535}
}

@Misc{FriendlyDenis:01,
  author = {M. Friendly and D. Denis},
  title = {Milestones in the history of thematic cartography, statistical
  graphics, and data visualization},
  year = {2001},
  howpublished = {Web document},
  note = {\url{http://www.math.yorku.ca/SCS/Gallery/milestone/}}
}

@Article{FriendlyDenis:05:scat,
  author = {M. Friendly and D. Denis},
  title = {The early origins and development of the scatterplot},
  journal = {Journal of the History of the Behavioral Sciences},
  year = {2005},
  volume = {41},
  number = {2},
  pages = {103--130}
}

@InCollection{FriendlyPalsky:2007,
  author = {Friendly, Michael and Palsky, Gilles},
  title = {Visualizing Nature and Society},
  booktitle = {Maps: Finding Our Place in the World},
  editor = {Ackerman, James R. and Karrow, Robert W.},
  year = {2007},
  pages = {205--251},
  publisher = {University of Chicago Press},
  address = {Chicago, IL}
}

@Article{Friis:1974,
  author = {Friis, H. R.},
  title = {Statistical Cartography in the {United States} Prior to 1870 and the
  Role of {Joseph C. G. Kennedy} and the {U.S. Census Office}},
  journal = {American Cartographer},
  year = {1974},
  volume = {1},
  pages = {131--157}
}

@Article{Funkhouser:1936,
  author = {Funkhouser, H. Gray},
  title = {A Note on a Tenth Century Graph},
  journal = {Osiris},
  year = {1936},
  volume = {1},
  pages = {260--262}
}

@Article{Funkhouser:1937,
  author = {Funkhouser, H. Gray},
  title = {Historical Development of the Graphical Representation of
  Statistical Data},
  journal = {Osiris},
  year = {1937},
  month = {November},
  volume = {3},
  number = {1},
  pages = {269--405},
  note = {reprinted Brugge, Belgium: St. Catherine Press, 1937}
}

@Article{Galton:1886,
  author = {Galton, Francis},
  title = {Regression Towards Mediocrity in Hereditary Stature},
  journal = {Journal of the Anthropological Institute},
  year = {1886},
  volume = {15},
  pages = {246--263}
}

@Manual{Guerry,
  author = {Michael Friendly and Stephane Dray},
  title = {Guerry: Guerry: maps, data and methods related to Guerry (1833)
  "Moral Statistics of France"},
  year = {2010},
  note = {R package version 1.4}
}

@Book{Guerry:1864,
  author = {Andr{'e}-Michel Guerry},
  title = {Statistique morale de l'Angleterre compar{\'e}e avec la statistique
  morale de la France, d'apr{\`e}s les comptes de l'administration de la
  justice criminelle en Angleterre et en France, etc.},
  year = {1864},
  publisher = {J.-B. Bailli{\`e}re et fils},
  address = {Paris},
  note = {\Loc{BNF: GR FOL-N-319; SG D/4330; BL: Maps 32.e.34; SBB: Fe 8586;
  LC: 11005911}}
}

@Book{Hald:1990,
  author = {A. Hald},
  title = {A History of Probability and Statistics and their Application before
  1750},
  year = {1990},
  publisher = {John Wiley and Sons},
  address = {New York}
}

@Article{Hankins:1999,
  author = {Hankins, Thomas L.},
  title = {Blood, Dirt, and Nomograms: A Particular History of Graphs},
  journal = {Isis},
  year = {1999},
  volume = {90},
  pages = {50--80}
}

@InProceedings{Heiser:2000,
  author = {Heiser, Willem J.},
  title = {Early Roots of Statistical Modelling},
  booktitle = {Social Science Methodology in the New Millenium: Proceedings of
  the Fifth International Conference on Logic and Methodology},
  editor = {J. Blasius and J. Hox and E. de Leeuw and P. Schmidt},
  year = {2000},
  month = {October},
  publisher = {TT-Publikaties},
  howpublished = {CD-ROM},
  address = {Amsterdam}
}

@Manual{HistData,
  author = {Michael Friendly},
  title = {HistData: Data sets from the history of statistics and data
  visualization},
  year = {2011},
  note = {R package version 0.6-12}
}

@Article{HoffGeddes:1959,
  author = {Hoff, Hebbel E. and Geddes, L. A.},
  title = {Graphic Recording Before {Carl Ludwig}: An Historical Summary},
  journal = {Archives Internationales d'Histoire des Sciences},
  year = {1959},
  volume = {12},
  pages = {3--25}
}

@Article{HoffGeddes:1962,
  author = {Hoff, Hebbel E. and Geddes, L. A.},
  title = {The Beginnings of Graphic Recording},
  journal = {Isis},
  year = {1962},
  volume = {53},
  pages = {287--324},
  note = {Pt. 3}
}

@InProceedings{Kruskal:1977,
  author = {Kruskal, William},
  title = {Visions of Maps and Graphs},
  booktitle = {Proceedings of the International Symposium on Computer- Assisted
  Cartography, Auto-Carto II},
  year = {1977},
  pages = {27--36},
  note = {1975}
}

@Book{Langren:1644,
  author = {van Langren, Michael Florent},
  title = {{La Verdadera Longitud por Mar y Tierra}},
  year = {1644},
  publisher = {(n.p.)},
  address = {Antwerp},
  note = {ii + 14 pp., folio; \Loc{BL: 716.i.6.(2.); BeNL: VB 5.275 C LP}}
}

@Book{Palsky:1996,
  author = {G. Palsky},
  title = {Des Chiffres et des Cartes: Naissance et d{\'e}veloppement de la
  cartographie quantitative fran\c{c}aise au {XIX${}^e$} si{\`e}cle},
  year = {1996},
  publisher = {Comit{\'e} des Travaux Historiques et Scientifiques (CTHS)},
  address = {Paris}
}

@Book{Pearson:1978,
  title = {The History of Statistics in the 17th and 18th Centuries Against the
  Changing Background of Intellectual, Scientific and Religeous Thought},
  editor = {Egon S. Pearson},
  year = {1978},
  publisher = {Griffin \& Co. Ltd.},
  address = {London},
  note = {Lectures by Karl Pearson given at University College London during
  the academic sessions 1921--1933}
}

@Book{Playfair:1786,
  author = {Playfair, William},
  title = {Commercial and Political Atlas: Representing, by Copper-Plate
  Charts, the Progress of the Commerce, Revenues, Expenditure, and Debts of
  England, during the Whole of the Eighteenth Century},
  year = {1786},
  publisher = {Debrett; Robinson; and Sewell},
  address = {London},
  note = {Re-published in Wainer, H. and Spence, I. (eds.), \emph{The
  Commercial and Political Atlas and Statistical Breviary}, 2005, Cambridge
  University Press, ISBN 0-521-85554-3}
}

@Book{Playfair:1801,
  author = {Playfair, William},
  title = {Statistical Breviary; Shewing, on a Principle Entirely New, the
  Resources of Every State and Kingdom in Europe},
  year = {1801},
  publisher = {Wallis},
  address = {London},
  note = {Re-published in Wainer, H. and Spence, I. (eds.), \emph{The
  Commercial and Political Atlas and Statistical Breviary}, 2005, CAmbridge,
  UK: Cambridge University Press, ISBN 0-521-85554-3}
}

@Book{Porter:1986,
  author = {T. M. Porter},
  title = {The Rise of Statistical Thinking 1820--1900},
  year = {1986},
  publisher = {Princeton University Press},
  address = {Princeton, NJ}
}

@Article{Riddell:1980,
  author = {R. C. Riddell},
  title = {Parameter disposition in pre-{Newtonain} planetary theories},
  journal = {Archives Hist. Exact Sci.},
  year = {1980},
  volume = {23},
  pages = {87--157}
}

@Book{Robinson:1982,
  author = {Arthur H. Robinson},
  title = {Early Thematic Mapping in the History of Cartography},
  year = {1982},
  publisher = {University of Chicago Press},
  address = {Chicago}
}

@Article{Royston:1970,
  author = {Royston, E.},
  title = {Studies in the History of Probability and Statistics, {III}. A Note
  on the History of the Graphical Presentation of Data},
  journal = {Biometrika},
  year = {1970},
  volume = {43},
  pages = {241--247},
  note = {Pts. 3 and 4 (December 1956); reprinted In \emph{Studies in the
  History Of Statistics and Probability Theory}, eds. E. S. Pearson and M. G.
  Kendall, London: Griffin.}
}

@Article{Rubin:1943,
  author = {Rubin, Ernest},
  title = {The Place of Statistical Methods in Modern Historiography},
  journal = {American Journal of Economics and Sociology},
  year = {1943},
  volume = {2},
  number = {2},
  pages = {193--210},
  publisher = {American Journal of Economics and Sociology, Inc.}
}

@Book{Stigler:1986,
  author = {Stephen M. Stigler},
  title = {The History of Statistics: The Measurement of Uncertainty before
  1900},
  year = {1986},
  publisher = {Harvard University Press},
  address = {Cambridge, MA}
}

@Book{Stigler:1999,
  author = {Stephen M. Stigler},
  title = {Statistics on the Table: The History of Statistical Concepts and
  Methods},
  year = {1999},
  publisher = {Harvard University Press},
  address = {Cambridge, MA}
}

@Article{Tilling:1975,
  author = {Tilling, Laura},
  title = {Early Experimental Graphs},
  journal = {British Journal for the History of Science},
  year = {1975},
  volume = {8},
  pages = {193--213}
}

@Book{Tufte:1983,
  author = {Edward R. Tufte},
  title = {The Visual Display of Quantitative Information},
  year = {1983},
  publisher = {Graphics Press},
  address = {Cheshire, CT}
}

@Book{Tufte:1990,
  author = {Edward R. Tufte},
  title = {Envisioning Information},
  year = {1990},
  publisher = {Graphics Press},
  address = {Cheshire, CT}
}

@Book{Tufte:1997,
  author = {Edward R. Tufte},
  title = {Visual Explanations},
  year = {1997},
  publisher = {Graphics Press},
  address = {Cheshire, CT}
}

@Book{WallisRobinson:87,
  author = {Helen M. Wallis and Arthur H. Robinson},
  title = {Cartographical Innovations: An International Handbook of Mapping
  Terms to 1900},
  year = {1987},
  publisher = {Map Collector Publications},
  address = {Tring, Herts}
}

@Manual{googleVis,
  author = {Markus Gesmann and Diego de Castillo},
  title = {googleVis: Interface between R and the Google Visualisation {API}},
  year = {2011},
  note = {R package version 0.2.12}
}

